%YAML 1.1
%TAG !u! tag:unity3d.com,2011:
--- !u!1 &4745575052876750858
GameObject:
  m_ObjectHideFlags: 0
  m_CorrespondingSourceObject: {fileID: 0}
  m_PrefabInstance: {fileID: 0}
  m_PrefabAsset: {fileID: 0}
  serializedVersion: 6
  m_Component:
  - component: {fileID: 4745575052876750859}
  m_Layer: 0
  m_Name: Map
  m_TagString: Untagged
  m_Icon: {fileID: 0}
  m_NavMeshLayer: 0
  m_StaticEditorFlags: 0
  m_IsActive: 1
--- !u!4 &4745575052876750859
Transform:
  m_ObjectHideFlags: 0
  m_CorrespondingSourceObject: {fileID: 0}
  m_PrefabInstance: {fileID: 0}
  m_PrefabAsset: {fileID: 0}
  m_GameObject: {fileID: 4745575052876750858}
  m_LocalRotation: {x: 0, y: 0, z: 0, w: 1}
  m_LocalPosition: {x: -42.69, y: -0.6576483, z: -0}
  m_LocalScale: {x: 2, y: 2, z: 2}
  m_Children:
  - {fileID: 7224318471990002023}
  - {fileID: 5201209225659761518}
  - {fileID: 1584237685976192828}
  - {fileID: 1584237685628782298}
  - {fileID: 7042730732878829650}
  - {fileID: 4745575054204713848}
  m_Father: {fileID: 0}
  m_RootOrder: 0
  m_LocalEulerAnglesHint: {x: 0, y: 0, z: 0}
--- !u!1 &4745575054204713851
GameObject:
  m_ObjectHideFlags: 0
  m_CorrespondingSourceObject: {fileID: 0}
  m_PrefabInstance: {fileID: 0}
  m_PrefabAsset: {fileID: 0}
  serializedVersion: 6
  m_Component:
  - component: {fileID: 4745575054204713848}
  m_Layer: 0
  m_Name: Tiles
  m_TagString: Untagged
  m_Icon: {fileID: 0}
  m_NavMeshLayer: 0
  m_StaticEditorFlags: 0
  m_IsActive: 1
--- !u!4 &4745575054204713848
Transform:
  m_ObjectHideFlags: 0
  m_CorrespondingSourceObject: {fileID: 0}
  m_PrefabInstance: {fileID: 0}
  m_PrefabAsset: {fileID: 0}
  m_GameObject: {fileID: 4745575054204713851}
  m_LocalRotation: {x: -0, y: -0, z: -0, w: 1}
  m_LocalPosition: {x: -0.99466705, y: 4.9804087, z: 8.633495}
  m_LocalScale: {x: 1, y: 1, z: 1}
  m_Children:
  - {fileID: 1295733348961459743}
  - {fileID: 2176929422492506465}
  - {fileID: 6127418305555514593}
  - {fileID: 3360132546534776264}
  - {fileID: 5713758372761360396}
  - {fileID: 7619729917310210543}
  - {fileID: 5369777730430223872}
  - {fileID: 1637709861745182518}
  m_Father: {fileID: 4745575052876750859}
  m_RootOrder: 5
  m_LocalEulerAnglesHint: {x: 0, y: 0, z: 0}
--- !u!1001 &173684712133254723
PrefabInstance:
  m_ObjectHideFlags: 0
  serializedVersion: 2
  m_Modification:
    m_TransformParent: {fileID: 4745575054204713848}
    m_Modifications:
    - target: {fileID: 1500645503264862603, guid: 0a2f328a195a4b34ca0c43f875f003be,
        type: 3}
      propertyPath: m_Name
      value: SM_Env_Wall_184 (1) Variant (2)
      objectReference: {fileID: 0}
    - target: {fileID: 1500645503265118581, guid: 0a2f328a195a4b34ca0c43f875f003be,
        type: 3}
      propertyPath: m_RootOrder
      value: 7
      objectReference: {fileID: 0}
    - target: {fileID: 1500645503265118581, guid: 0a2f328a195a4b34ca0c43f875f003be,
        type: 3}
      propertyPath: m_LocalPosition.x
      value: -1.4212303
      objectReference: {fileID: 0}
    - target: {fileID: 1500645503265118581, guid: 0a2f328a195a4b34ca0c43f875f003be,
        type: 3}
      propertyPath: m_LocalPosition.y
      value: -4.3227606
      objectReference: {fileID: 0}
    - target: {fileID: 1500645503265118581, guid: 0a2f328a195a4b34ca0c43f875f003be,
        type: 3}
      propertyPath: m_LocalPosition.z
      value: 1.27
      objectReference: {fileID: 0}
    - target: {fileID: 1500645503265118581, guid: 0a2f328a195a4b34ca0c43f875f003be,
        type: 3}
      propertyPath: m_LocalRotation.w
      value: -0.70710444
      objectReference: {fileID: 0}
    - target: {fileID: 1500645503265118581, guid: 0a2f328a195a4b34ca0c43f875f003be,
        type: 3}
      propertyPath: m_LocalRotation.x
      value: -0
      objectReference: {fileID: 0}
    - target: {fileID: 1500645503265118581, guid: 0a2f328a195a4b34ca0c43f875f003be,
        type: 3}
      propertyPath: m_LocalRotation.y
      value: -0.70710915
      objectReference: {fileID: 0}
    - target: {fileID: 1500645503265118581, guid: 0a2f328a195a4b34ca0c43f875f003be,
        type: 3}
      propertyPath: m_LocalRotation.z
      value: -0
      objectReference: {fileID: 0}
    - target: {fileID: 1500645503265118581, guid: 0a2f328a195a4b34ca0c43f875f003be,
        type: 3}
      propertyPath: m_LocalEulerAnglesHint.x
      value: 0
      objectReference: {fileID: 0}
    - target: {fileID: 1500645503265118581, guid: 0a2f328a195a4b34ca0c43f875f003be,
        type: 3}
      propertyPath: m_LocalEulerAnglesHint.y
      value: 0
      objectReference: {fileID: 0}
    - target: {fileID: 1500645503265118581, guid: 0a2f328a195a4b34ca0c43f875f003be,
        type: 3}
      propertyPath: m_LocalEulerAnglesHint.z
      value: 0
      objectReference: {fileID: 0}
    m_RemovedComponents: []
  m_SourcePrefab: {fileID: 100100000, guid: 0a2f328a195a4b34ca0c43f875f003be, type: 3}
--- !u!4 &1637709861745182518 stripped
Transform:
  m_CorrespondingSourceObject: {fileID: 1500645503265118581, guid: 0a2f328a195a4b34ca0c43f875f003be,
    type: 3}
  m_PrefabInstance: {fileID: 173684712133254723}
  m_PrefabAsset: {fileID: 0}
--- !u!1001 &350572651450312906
PrefabInstance:
  m_ObjectHideFlags: 0
  serializedVersion: 2
  m_Modification:
    m_TransformParent: {fileID: 5201209225659761518}
    m_Modifications:
    - target: {fileID: 4546282517645347579, guid: f1dc6937cbcdf344d8b4d19020a4c652,
        type: 3}
      propertyPath: m_Name
      value: SM_Prop_Torch_Ornate_09 (1) Variant (2)
      objectReference: {fileID: 0}
    - target: {fileID: 4546282517645608007, guid: f1dc6937cbcdf344d8b4d19020a4c652,
        type: 3}
      propertyPath: m_RootOrder
      value: 7
      objectReference: {fileID: 0}
    - target: {fileID: 4546282517645608007, guid: f1dc6937cbcdf344d8b4d19020a4c652,
        type: 3}
      propertyPath: m_LocalScale.x
      value: 1
      objectReference: {fileID: 0}
    - target: {fileID: 4546282517645608007, guid: f1dc6937cbcdf344d8b4d19020a4c652,
        type: 3}
      propertyPath: m_LocalScale.y
      value: 1
      objectReference: {fileID: 0}
    - target: {fileID: 4546282517645608007, guid: f1dc6937cbcdf344d8b4d19020a4c652,
        type: 3}
      propertyPath: m_LocalScale.z
      value: 1
      objectReference: {fileID: 0}
    - target: {fileID: 4546282517645608007, guid: f1dc6937cbcdf344d8b4d19020a4c652,
        type: 3}
      propertyPath: m_LocalPosition.x
      value: -0.401
      objectReference: {fileID: 0}
    - target: {fileID: 4546282517645608007, guid: f1dc6937cbcdf344d8b4d19020a4c652,
        type: 3}
      propertyPath: m_LocalPosition.y
      value: 3.02
      objectReference: {fileID: 0}
    - target: {fileID: 4546282517645608007, guid: f1dc6937cbcdf344d8b4d19020a4c652,
        type: 3}
      propertyPath: m_LocalPosition.z
      value: -8.91
      objectReference: {fileID: 0}
    - target: {fileID: 4546282517645608007, guid: f1dc6937cbcdf344d8b4d19020a4c652,
        type: 3}
      propertyPath: m_LocalRotation.w
      value: 0.7071068
      objectReference: {fileID: 0}
    - target: {fileID: 4546282517645608007, guid: f1dc6937cbcdf344d8b4d19020a4c652,
        type: 3}
      propertyPath: m_LocalRotation.x
      value: 0
      objectReference: {fileID: 0}
    - target: {fileID: 4546282517645608007, guid: f1dc6937cbcdf344d8b4d19020a4c652,
        type: 3}
      propertyPath: m_LocalRotation.y
      value: -0.7071068
      objectReference: {fileID: 0}
    - target: {fileID: 4546282517645608007, guid: f1dc6937cbcdf344d8b4d19020a4c652,
        type: 3}
      propertyPath: m_LocalRotation.z
      value: 0
      objectReference: {fileID: 0}
    - target: {fileID: 4546282517645608007, guid: f1dc6937cbcdf344d8b4d19020a4c652,
        type: 3}
      propertyPath: m_LocalEulerAnglesHint.x
      value: 0
      objectReference: {fileID: 0}
    - target: {fileID: 4546282517645608007, guid: f1dc6937cbcdf344d8b4d19020a4c652,
        type: 3}
      propertyPath: m_LocalEulerAnglesHint.y
      value: -90
      objectReference: {fileID: 0}
    - target: {fileID: 4546282517645608007, guid: f1dc6937cbcdf344d8b4d19020a4c652,
        type: 3}
      propertyPath: m_LocalEulerAnglesHint.z
      value: 0
      objectReference: {fileID: 0}
    m_RemovedComponents: []
  m_SourcePrefab: {fileID: 100100000, guid: f1dc6937cbcdf344d8b4d19020a4c652, type: 3}
--- !u!1001 &1831079085005673034
PrefabInstance:
  m_ObjectHideFlags: 0
  serializedVersion: 2
  m_Modification:
    m_TransformParent: {fileID: 5201209225659761518}
    m_Modifications:
    - target: {fileID: 7691331675491403484, guid: f089566b575f57144a7b42f9632bed36,
        type: 3}
      propertyPath: m_RootOrder
      value: 8
      objectReference: {fileID: 0}
    - target: {fileID: 7691331675491403484, guid: f089566b575f57144a7b42f9632bed36,
        type: 3}
      propertyPath: m_LocalScale.x
      value: 1.550872
      objectReference: {fileID: 0}
    - target: {fileID: 7691331675491403484, guid: f089566b575f57144a7b42f9632bed36,
        type: 3}
      propertyPath: m_LocalScale.y
      value: -0.04066745
      objectReference: {fileID: 0}
    - target: {fileID: 7691331675491403484, guid: f089566b575f57144a7b42f9632bed36,
        type: 3}
      propertyPath: m_LocalScale.z
      value: 1.0009387
      objectReference: {fileID: 0}
    - target: {fileID: 7691331675491403484, guid: f089566b575f57144a7b42f9632bed36,
        type: 3}
      propertyPath: m_LocalPosition.x
      value: -4.188
      objectReference: {fileID: 0}
    - target: {fileID: 7691331675491403484, guid: f089566b575f57144a7b42f9632bed36,
        type: 3}
      propertyPath: m_LocalPosition.y
      value: 3.401
      objectReference: {fileID: 0}
    - target: {fileID: 7691331675491403484, guid: f089566b575f57144a7b42f9632bed36,
        type: 3}
      propertyPath: m_LocalPosition.z
      value: -9.321
      objectReference: {fileID: 0}
    - target: {fileID: 7691331675491403484, guid: f089566b575f57144a7b42f9632bed36,
        type: 3}
      propertyPath: m_LocalRotation.w
      value: 0.66155154
      objectReference: {fileID: 0}
    - target: {fileID: 7691331675491403484, guid: f089566b575f57144a7b42f9632bed36,
        type: 3}
      propertyPath: m_LocalRotation.x
      value: 0.19319284
      objectReference: {fileID: 0}
    - target: {fileID: 7691331675491403484, guid: f089566b575f57144a7b42f9632bed36,
        type: 3}
      propertyPath: m_LocalRotation.y
      value: 0.69593924
      objectReference: {fileID: 0}
    - target: {fileID: 7691331675491403484, guid: f089566b575f57144a7b42f9632bed36,
        type: 3}
      propertyPath: m_LocalRotation.z
      value: 0.20172933
      objectReference: {fileID: 0}
    - target: {fileID: 7691331675491403484, guid: f089566b575f57144a7b42f9632bed36,
        type: 3}
      propertyPath: m_LocalEulerAnglesHint.x
      value: 0
      objectReference: {fileID: 0}
    - target: {fileID: 7691331675491403484, guid: f089566b575f57144a7b42f9632bed36,
        type: 3}
      propertyPath: m_LocalEulerAnglesHint.y
      value: 0
      objectReference: {fileID: 0}
    - target: {fileID: 7691331675491403484, guid: f089566b575f57144a7b42f9632bed36,
        type: 3}
      propertyPath: m_LocalEulerAnglesHint.z
      value: 0
      objectReference: {fileID: 0}
    - target: {fileID: 7691331675491886076, guid: f089566b575f57144a7b42f9632bed36,
        type: 3}
      propertyPath: m_Name
      value: FX_Fire_02 (1) Variant (1)
      objectReference: {fileID: 0}
    m_RemovedComponents: []
  m_SourcePrefab: {fileID: 100100000, guid: f089566b575f57144a7b42f9632bed36, type: 3}
--- !u!1001 &2072715637000448281
PrefabInstance:
  m_ObjectHideFlags: 0
  serializedVersion: 2
  m_Modification:
    m_TransformParent: {fileID: 5201209225659761518}
    m_Modifications:
    - target: {fileID: 4546282517645347579, guid: f1dc6937cbcdf344d8b4d19020a4c652,
        type: 3}
      propertyPath: m_Name
      value: SM_Prop_Torch_Ornate_09 (1) Variant (1)
      objectReference: {fileID: 0}
    - target: {fileID: 4546282517645608007, guid: f1dc6937cbcdf344d8b4d19020a4c652,
        type: 3}
      propertyPath: m_RootOrder
      value: 6
      objectReference: {fileID: 0}
    - target: {fileID: 4546282517645608007, guid: f1dc6937cbcdf344d8b4d19020a4c652,
        type: 3}
      propertyPath: m_LocalScale.x
      value: 1
      objectReference: {fileID: 0}
    - target: {fileID: 4546282517645608007, guid: f1dc6937cbcdf344d8b4d19020a4c652,
        type: 3}
      propertyPath: m_LocalScale.y
      value: 1
      objectReference: {fileID: 0}
    - target: {fileID: 4546282517645608007, guid: f1dc6937cbcdf344d8b4d19020a4c652,
        type: 3}
      propertyPath: m_LocalScale.z
      value: 1
      objectReference: {fileID: 0}
    - target: {fileID: 4546282517645608007, guid: f1dc6937cbcdf344d8b4d19020a4c652,
        type: 3}
      propertyPath: m_LocalPosition.x
      value: -4.58
      objectReference: {fileID: 0}
    - target: {fileID: 4546282517645608007, guid: f1dc6937cbcdf344d8b4d19020a4c652,
        type: 3}
      propertyPath: m_LocalPosition.y
      value: 3.02
      objectReference: {fileID: 0}
    - target: {fileID: 4546282517645608007, guid: f1dc6937cbcdf344d8b4d19020a4c652,
        type: 3}
      propertyPath: m_LocalPosition.z
      value: -9.31
      objectReference: {fileID: 0}
    - target: {fileID: 4546282517645608007, guid: f1dc6937cbcdf344d8b4d19020a4c652,
        type: 3}
      propertyPath: m_LocalRotation.w
      value: 0.7071068
      objectReference: {fileID: 0}
    - target: {fileID: 4546282517645608007, guid: f1dc6937cbcdf344d8b4d19020a4c652,
        type: 3}
      propertyPath: m_LocalRotation.x
      value: 0
      objectReference: {fileID: 0}
    - target: {fileID: 4546282517645608007, guid: f1dc6937cbcdf344d8b4d19020a4c652,
        type: 3}
      propertyPath: m_LocalRotation.y
      value: 0.7071068
      objectReference: {fileID: 0}
    - target: {fileID: 4546282517645608007, guid: f1dc6937cbcdf344d8b4d19020a4c652,
        type: 3}
      propertyPath: m_LocalRotation.z
      value: 0
      objectReference: {fileID: 0}
    - target: {fileID: 4546282517645608007, guid: f1dc6937cbcdf344d8b4d19020a4c652,
        type: 3}
      propertyPath: m_LocalEulerAnglesHint.x
      value: 0
      objectReference: {fileID: 0}
    - target: {fileID: 4546282517645608007, guid: f1dc6937cbcdf344d8b4d19020a4c652,
        type: 3}
      propertyPath: m_LocalEulerAnglesHint.y
      value: 90
      objectReference: {fileID: 0}
    - target: {fileID: 4546282517645608007, guid: f1dc6937cbcdf344d8b4d19020a4c652,
        type: 3}
      propertyPath: m_LocalEulerAnglesHint.z
      value: 0
      objectReference: {fileID: 0}
    m_RemovedComponents: []
  m_SourcePrefab: {fileID: 100100000, guid: f1dc6937cbcdf344d8b4d19020a4c652, type: 3}
--- !u!1001 &4745575052580814686
PrefabInstance:
  m_ObjectHideFlags: 0
  serializedVersion: 2
  m_Modification:
    m_TransformParent: {fileID: 5201209225659761518}
    m_Modifications:
    - target: {fileID: 4546282517645347579, guid: f1dc6937cbcdf344d8b4d19020a4c652,
        type: 3}
      propertyPath: m_Name
      value: SM_Prop_Torch_Ornate_09 (1) Variant
      objectReference: {fileID: 0}
    - target: {fileID: 4546282517645608007, guid: f1dc6937cbcdf344d8b4d19020a4c652,
        type: 3}
      propertyPath: m_RootOrder
      value: 4
      objectReference: {fileID: 0}
    - target: {fileID: 4546282517645608007, guid: f1dc6937cbcdf344d8b4d19020a4c652,
        type: 3}
      propertyPath: m_LocalScale.z
      value: 2
      objectReference: {fileID: 0}
    - target: {fileID: 4546282517645608007, guid: f1dc6937cbcdf344d8b4d19020a4c652,
        type: 3}
      propertyPath: m_LocalPosition.x
      value: -3.9588158
      objectReference: {fileID: 0}
    - target: {fileID: 4546282517645608007, guid: f1dc6937cbcdf344d8b4d19020a4c652,
        type: 3}
      propertyPath: m_LocalPosition.y
      value: 1.9756103
      objectReference: {fileID: 0}
    - target: {fileID: 4546282517645608007, guid: f1dc6937cbcdf344d8b4d19020a4c652,
        type: 3}
      propertyPath: m_LocalPosition.z
      value: 0.3223177
      objectReference: {fileID: 0}
    - target: {fileID: 4546282517645608007, guid: f1dc6937cbcdf344d8b4d19020a4c652,
        type: 3}
      propertyPath: m_LocalRotation.w
      value: 1
      objectReference: {fileID: 0}
    - target: {fileID: 4546282517645608007, guid: f1dc6937cbcdf344d8b4d19020a4c652,
        type: 3}
      propertyPath: m_LocalRotation.x
      value: -0
      objectReference: {fileID: 0}
    - target: {fileID: 4546282517645608007, guid: f1dc6937cbcdf344d8b4d19020a4c652,
        type: 3}
      propertyPath: m_LocalRotation.y
      value: 0.0000004172323
      objectReference: {fileID: 0}
    - target: {fileID: 4546282517645608007, guid: f1dc6937cbcdf344d8b4d19020a4c652,
        type: 3}
      propertyPath: m_LocalRotation.z
      value: 0
      objectReference: {fileID: 0}
    - target: {fileID: 4546282517645608007, guid: f1dc6937cbcdf344d8b4d19020a4c652,
        type: 3}
      propertyPath: m_LocalEulerAnglesHint.x
      value: 0
      objectReference: {fileID: 0}
    - target: {fileID: 4546282517645608007, guid: f1dc6937cbcdf344d8b4d19020a4c652,
        type: 3}
      propertyPath: m_LocalEulerAnglesHint.y
      value: 0
      objectReference: {fileID: 0}
    - target: {fileID: 4546282517645608007, guid: f1dc6937cbcdf344d8b4d19020a4c652,
        type: 3}
      propertyPath: m_LocalEulerAnglesHint.z
      value: 0
      objectReference: {fileID: 0}
    m_RemovedComponents: []
  m_SourcePrefab: {fileID: 100100000, guid: f1dc6937cbcdf344d8b4d19020a4c652, type: 3}
--- !u!1001 &4745575052682162706
PrefabInstance:
  m_ObjectHideFlags: 0
  serializedVersion: 2
  m_Modification:
    m_TransformParent: {fileID: 4745575052876750859}
    m_Modifications:
    - target: {fileID: 6064093144681788616, guid: 98aba175711fa5e4dba75b00ffd298a5,
        type: 3}
      propertyPath: m_RootOrder
      value: 3
      objectReference: {fileID: 0}
    - target: {fileID: 6064093144681788616, guid: 98aba175711fa5e4dba75b00ffd298a5,
        type: 3}
      propertyPath: m_LocalScale.z
      value: 0.5
      objectReference: {fileID: 0}
    - target: {fileID: 6064093144681788616, guid: 98aba175711fa5e4dba75b00ffd298a5,
        type: 3}
      propertyPath: m_LocalPosition.x
      value: -0.011219986
      objectReference: {fileID: 0}
    - target: {fileID: 6064093144681788616, guid: 98aba175711fa5e4dba75b00ffd298a5,
        type: 3}
      propertyPath: m_LocalPosition.y
      value: 0.5604579
      objectReference: {fileID: 0}
    - target: {fileID: 6064093144681788616, guid: 98aba175711fa5e4dba75b00ffd298a5,
        type: 3}
      propertyPath: m_LocalPosition.z
      value: 6.7506638
      objectReference: {fileID: 0}
    - target: {fileID: 6064093144681788616, guid: 98aba175711fa5e4dba75b00ffd298a5,
        type: 3}
      propertyPath: m_LocalRotation.w
      value: 1
      objectReference: {fileID: 0}
    - target: {fileID: 6064093144681788616, guid: 98aba175711fa5e4dba75b00ffd298a5,
        type: 3}
      propertyPath: m_LocalRotation.x
      value: -0
      objectReference: {fileID: 0}
    - target: {fileID: 6064093144681788616, guid: 98aba175711fa5e4dba75b00ffd298a5,
        type: 3}
      propertyPath: m_LocalRotation.y
      value: -0
      objectReference: {fileID: 0}
    - target: {fileID: 6064093144681788616, guid: 98aba175711fa5e4dba75b00ffd298a5,
        type: 3}
      propertyPath: m_LocalRotation.z
      value: -0
      objectReference: {fileID: 0}
    - target: {fileID: 6064093144681788616, guid: 98aba175711fa5e4dba75b00ffd298a5,
        type: 3}
      propertyPath: m_LocalEulerAnglesHint.x
      value: 0
      objectReference: {fileID: 0}
    - target: {fileID: 6064093144681788616, guid: 98aba175711fa5e4dba75b00ffd298a5,
        type: 3}
      propertyPath: m_LocalEulerAnglesHint.y
      value: 0
      objectReference: {fileID: 0}
    - target: {fileID: 6064093144681788616, guid: 98aba175711fa5e4dba75b00ffd298a5,
        type: 3}
      propertyPath: m_LocalEulerAnglesHint.z
      value: 0
      objectReference: {fileID: 0}
    - target: {fileID: 6064093144681880326, guid: 98aba175711fa5e4dba75b00ffd298a5,
        type: 3}
      propertyPath: m_Name
      value: SM_Env_Door_Frame_Round_05 (1) Variant
      objectReference: {fileID: 0}
    m_RemovedComponents: []
  m_SourcePrefab: {fileID: 100100000, guid: 98aba175711fa5e4dba75b00ffd298a5, type: 3}
--- !u!4 &1584237685628782298 stripped
Transform:
  m_CorrespondingSourceObject: {fileID: 6064093144681788616, guid: 98aba175711fa5e4dba75b00ffd298a5,
    type: 3}
  m_PrefabInstance: {fileID: 4745575052682162706}
  m_PrefabAsset: {fileID: 0}
--- !u!1001 &4745575052771599018
PrefabInstance:
  m_ObjectHideFlags: 0
  serializedVersion: 2
  m_Modification:
    m_TransformParent: {fileID: 7042730732878829650}
    m_Modifications:
    - target: {fileID: 1216148957265671432, guid: d80d1992192a51341a51d3bfb5cf3db2,
        type: 3}
      propertyPath: m_Name
      value: SM_Env_Entrance_Crypt_04 (1) Variant
      objectReference: {fileID: 0}
    - target: {fileID: 1216148957266099660, guid: d80d1992192a51341a51d3bfb5cf3db2,
        type: 3}
      propertyPath: m_RootOrder
      value: 2
      objectReference: {fileID: 0}
    - target: {fileID: 1216148957266099660, guid: d80d1992192a51341a51d3bfb5cf3db2,
        type: 3}
      propertyPath: m_LocalPosition.x
      value: 0.0099983215
      objectReference: {fileID: 0}
    - target: {fileID: 1216148957266099660, guid: d80d1992192a51341a51d3bfb5cf3db2,
        type: 3}
      propertyPath: m_LocalPosition.y
      value: 0.099
      objectReference: {fileID: 0}
    - target: {fileID: 1216148957266099660, guid: d80d1992192a51341a51d3bfb5cf3db2,
        type: 3}
      propertyPath: m_LocalPosition.z
      value: -0.18200302
      objectReference: {fileID: 0}
    - target: {fileID: 1216148957266099660, guid: d80d1992192a51341a51d3bfb5cf3db2,
        type: 3}
      propertyPath: m_LocalRotation.w
      value: 0
      objectReference: {fileID: 0}
    - target: {fileID: 1216148957266099660, guid: d80d1992192a51341a51d3bfb5cf3db2,
        type: 3}
      propertyPath: m_LocalRotation.x
      value: 0
      objectReference: {fileID: 0}
    - target: {fileID: 1216148957266099660, guid: d80d1992192a51341a51d3bfb5cf3db2,
        type: 3}
      propertyPath: m_LocalRotation.y
      value: -1
      objectReference: {fileID: 0}
    - target: {fileID: 1216148957266099660, guid: d80d1992192a51341a51d3bfb5cf3db2,
        type: 3}
      propertyPath: m_LocalRotation.z
      value: -0
      objectReference: {fileID: 0}
    - target: {fileID: 1216148957266099660, guid: d80d1992192a51341a51d3bfb5cf3db2,
        type: 3}
      propertyPath: m_LocalEulerAnglesHint.x
      value: 0
      objectReference: {fileID: 0}
    - target: {fileID: 1216148957266099660, guid: d80d1992192a51341a51d3bfb5cf3db2,
        type: 3}
      propertyPath: m_LocalEulerAnglesHint.y
      value: -180
      objectReference: {fileID: 0}
    - target: {fileID: 1216148957266099660, guid: d80d1992192a51341a51d3bfb5cf3db2,
        type: 3}
      propertyPath: m_LocalEulerAnglesHint.z
      value: 0
      objectReference: {fileID: 0}
    m_RemovedComponents: []
  m_SourcePrefab: {fileID: 100100000, guid: d80d1992192a51341a51d3bfb5cf3db2, type: 3}
--- !u!1001 &4745575052817189035
PrefabInstance:
  m_ObjectHideFlags: 0
  serializedVersion: 2
  m_Modification:
    m_TransformParent: {fileID: 5201209225659761518}
    m_Modifications:
    - target: {fileID: 4037383929001469234, guid: 8698409a84b80b14f923ae823c55c446,
        type: 3}
      propertyPath: m_RootOrder
      value: 1
      objectReference: {fileID: 0}
    - target: {fileID: 4037383929001469234, guid: 8698409a84b80b14f923ae823c55c446,
        type: 3}
      propertyPath: m_LocalScale.z
      value: 1
      objectReference: {fileID: 0}
    - target: {fileID: 4037383929001469234, guid: 8698409a84b80b14f923ae823c55c446,
        type: 3}
      propertyPath: m_LocalPosition.x
      value: -4.986871
      objectReference: {fileID: 0}
    - target: {fileID: 4037383929001469234, guid: 8698409a84b80b14f923ae823c55c446,
        type: 3}
      propertyPath: m_LocalPosition.y
      value: 0.015226364
      objectReference: {fileID: 0}
    - target: {fileID: 4037383929001469234, guid: 8698409a84b80b14f923ae823c55c446,
        type: 3}
      propertyPath: m_LocalPosition.z
      value: -0.48046815
      objectReference: {fileID: 0}
    - target: {fileID: 4037383929001469234, guid: 8698409a84b80b14f923ae823c55c446,
        type: 3}
      propertyPath: m_LocalRotation.w
      value: 0.000002324581
      objectReference: {fileID: 0}
    - target: {fileID: 4037383929001469234, guid: 8698409a84b80b14f923ae823c55c446,
        type: 3}
      propertyPath: m_LocalRotation.x
      value: -0
      objectReference: {fileID: 0}
    - target: {fileID: 4037383929001469234, guid: 8698409a84b80b14f923ae823c55c446,
        type: 3}
      propertyPath: m_LocalRotation.y
      value: -1
      objectReference: {fileID: 0}
    - target: {fileID: 4037383929001469234, guid: 8698409a84b80b14f923ae823c55c446,
        type: 3}
      propertyPath: m_LocalRotation.z
      value: 0
      objectReference: {fileID: 0}
    - target: {fileID: 4037383929001469234, guid: 8698409a84b80b14f923ae823c55c446,
        type: 3}
      propertyPath: m_LocalEulerAnglesHint.x
      value: 0
      objectReference: {fileID: 0}
    - target: {fileID: 4037383929001469234, guid: 8698409a84b80b14f923ae823c55c446,
        type: 3}
      propertyPath: m_LocalEulerAnglesHint.y
      value: 0
      objectReference: {fileID: 0}
    - target: {fileID: 4037383929001469234, guid: 8698409a84b80b14f923ae823c55c446,
        type: 3}
      propertyPath: m_LocalEulerAnglesHint.z
      value: 0
      objectReference: {fileID: 0}
    - target: {fileID: 4037383929001885864, guid: 8698409a84b80b14f923ae823c55c446,
        type: 3}
      propertyPath: m_Name
      value: SM_Env_Wall_DoorFrame_Round_07 (1) Variant 1
      objectReference: {fileID: 0}
    m_RemovedComponents: []
  m_SourcePrefab: {fileID: 100100000, guid: 8698409a84b80b14f923ae823c55c446, type: 3}
--- !u!1001 &4745575053047897885
PrefabInstance:
  m_ObjectHideFlags: 0
  serializedVersion: 2
  m_Modification:
    m_TransformParent: {fileID: 7042730732878829650}
    m_Modifications:
    - target: {fileID: 1587056130541067263, guid: 8dae78d83f8f0d4478866b9de921470e,
        type: 3}
      propertyPath: m_RootOrder
      value: 1
      objectReference: {fileID: 0}
    - target: {fileID: 1587056130541067263, guid: 8dae78d83f8f0d4478866b9de921470e,
        type: 3}
      propertyPath: m_LocalPosition.x
      value: -2.4602432
      objectReference: {fileID: 0}
    - target: {fileID: 1587056130541067263, guid: 8dae78d83f8f0d4478866b9de921470e,
        type: 3}
      propertyPath: m_LocalPosition.y
      value: 0.12321234
      objectReference: {fileID: 0}
    - target: {fileID: 1587056130541067263, guid: 8dae78d83f8f0d4478866b9de921470e,
        type: 3}
      propertyPath: m_LocalPosition.z
      value: 0.04095459
      objectReference: {fileID: 0}
    - target: {fileID: 1587056130541067263, guid: 8dae78d83f8f0d4478866b9de921470e,
        type: 3}
      propertyPath: m_LocalRotation.w
      value: 0
      objectReference: {fileID: 0}
    - target: {fileID: 1587056130541067263, guid: 8dae78d83f8f0d4478866b9de921470e,
        type: 3}
      propertyPath: m_LocalRotation.x
      value: -0
      objectReference: {fileID: 0}
    - target: {fileID: 1587056130541067263, guid: 8dae78d83f8f0d4478866b9de921470e,
        type: 3}
      propertyPath: m_LocalRotation.y
      value: 1
      objectReference: {fileID: 0}
    - target: {fileID: 1587056130541067263, guid: 8dae78d83f8f0d4478866b9de921470e,
        type: 3}
      propertyPath: m_LocalRotation.z
      value: -0
      objectReference: {fileID: 0}
    - target: {fileID: 1587056130541067263, guid: 8dae78d83f8f0d4478866b9de921470e,
        type: 3}
      propertyPath: m_LocalEulerAnglesHint.x
      value: 0
      objectReference: {fileID: 0}
    - target: {fileID: 1587056130541067263, guid: 8dae78d83f8f0d4478866b9de921470e,
        type: 3}
      propertyPath: m_LocalEulerAnglesHint.y
      value: 180
      objectReference: {fileID: 0}
    - target: {fileID: 1587056130541067263, guid: 8dae78d83f8f0d4478866b9de921470e,
        type: 3}
      propertyPath: m_LocalEulerAnglesHint.z
      value: 0
      objectReference: {fileID: 0}
    - target: {fileID: 1587056130541259579, guid: 8dae78d83f8f0d4478866b9de921470e,
        type: 3}
      propertyPath: m_Name
      value: SM_Env_Wall_DoorFrame_25 (1) Variant
      objectReference: {fileID: 0}
    m_RemovedComponents: []
  m_SourcePrefab: {fileID: 100100000, guid: 8dae78d83f8f0d4478866b9de921470e, type: 3}
--- !u!1001 &4745575053147518799
PrefabInstance:
  m_ObjectHideFlags: 0
  serializedVersion: 2
  m_Modification:
    m_TransformParent: {fileID: 4745575052876750859}
    m_Modifications:
    - target: {fileID: 2334946084430294813, guid: 01210b0cf68d67140b4499cbea915e61,
        type: 3}
      propertyPath: m_RootOrder
      value: 4
      objectReference: {fileID: 0}
    - target: {fileID: 2334946084430294813, guid: 01210b0cf68d67140b4499cbea915e61,
        type: 3}
      propertyPath: m_LocalPosition.x
      value: -0.027786255
      objectReference: {fileID: 0}
    - target: {fileID: 2334946084430294813, guid: 01210b0cf68d67140b4499cbea915e61,
        type: 3}
      propertyPath: m_LocalPosition.y
      value: 0.6576483
      objectReference: {fileID: 0}
    - target: {fileID: 2334946084430294813, guid: 01210b0cf68d67140b4499cbea915e61,
        type: 3}
      propertyPath: m_LocalPosition.z
      value: 13.66
      objectReference: {fileID: 0}
    - target: {fileID: 2334946084430294813, guid: 01210b0cf68d67140b4499cbea915e61,
        type: 3}
      propertyPath: m_LocalRotation.w
      value: 1
      objectReference: {fileID: 0}
    - target: {fileID: 2334946084430294813, guid: 01210b0cf68d67140b4499cbea915e61,
        type: 3}
      propertyPath: m_LocalRotation.x
      value: -0
      objectReference: {fileID: 0}
    - target: {fileID: 2334946084430294813, guid: 01210b0cf68d67140b4499cbea915e61,
        type: 3}
      propertyPath: m_LocalRotation.y
      value: -0
      objectReference: {fileID: 0}
    - target: {fileID: 2334946084430294813, guid: 01210b0cf68d67140b4499cbea915e61,
        type: 3}
      propertyPath: m_LocalRotation.z
      value: -0
      objectReference: {fileID: 0}
    - target: {fileID: 2334946084430294813, guid: 01210b0cf68d67140b4499cbea915e61,
        type: 3}
      propertyPath: m_LocalEulerAnglesHint.x
      value: 0
      objectReference: {fileID: 0}
    - target: {fileID: 2334946084430294813, guid: 01210b0cf68d67140b4499cbea915e61,
        type: 3}
      propertyPath: m_LocalEulerAnglesHint.y
      value: 0
      objectReference: {fileID: 0}
    - target: {fileID: 2334946084430294813, guid: 01210b0cf68d67140b4499cbea915e61,
        type: 3}
      propertyPath: m_LocalEulerAnglesHint.z
      value: 0
      objectReference: {fileID: 0}
    - target: {fileID: 2334946084430588123, guid: 01210b0cf68d67140b4499cbea915e61,
        type: 3}
      propertyPath: m_Name
      value: SM_Env_Door_Frame_18 (1) Variant
      objectReference: {fileID: 0}
    m_RemovedComponents: []
  m_SourcePrefab: {fileID: 100100000, guid: 01210b0cf68d67140b4499cbea915e61, type: 3}
--- !u!4 &7042730732878829650 stripped
Transform:
  m_CorrespondingSourceObject: {fileID: 2334946084430294813, guid: 01210b0cf68d67140b4499cbea915e61,
    type: 3}
  m_PrefabInstance: {fileID: 4745575053147518799}
  m_PrefabAsset: {fileID: 0}
--- !u!1001 &4745575053170149895
PrefabInstance:
  m_ObjectHideFlags: 0
  serializedVersion: 2
  m_Modification:
    m_TransformParent: {fileID: 4745575052876750859}
    m_Modifications:
    - target: {fileID: 717694558133046133, guid: 719c8b927ff0821468196ab6561f968d,
        type: 3}
      propertyPath: m_Name
      value: SM_Env_Wall_Wood_Beams_37 (1) Variant
      objectReference: {fileID: 0}
    - target: {fileID: 717694558133471593, guid: 719c8b927ff0821468196ab6561f968d,
        type: 3}
      propertyPath: m_RootOrder
      value: 1
      objectReference: {fileID: 0}
    - target: {fileID: 717694558133471593, guid: 719c8b927ff0821468196ab6561f968d,
        type: 3}
      propertyPath: m_LocalScale.z
      value: 0.5
      objectReference: {fileID: 0}
    - target: {fileID: 717694558133471593, guid: 719c8b927ff0821468196ab6561f968d,
        type: 3}
      propertyPath: m_LocalPosition.x
      value: -2.5240335
      objectReference: {fileID: 0}
    - target: {fileID: 717694558133471593, guid: 719c8b927ff0821468196ab6561f968d,
        type: 3}
      propertyPath: m_LocalPosition.y
      value: 0.5198476
      objectReference: {fileID: 0}
    - target: {fileID: 717694558133471593, guid: 719c8b927ff0821468196ab6561f968d,
        type: 3}
      propertyPath: m_LocalPosition.z
      value: 6.446804
      objectReference: {fileID: 0}
    - target: {fileID: 717694558133471593, guid: 719c8b927ff0821468196ab6561f968d,
        type: 3}
      propertyPath: m_LocalRotation.w
      value: 0.000002324581
      objectReference: {fileID: 0}
    - target: {fileID: 717694558133471593, guid: 719c8b927ff0821468196ab6561f968d,
        type: 3}
      propertyPath: m_LocalRotation.x
      value: -0
      objectReference: {fileID: 0}
    - target: {fileID: 717694558133471593, guid: 719c8b927ff0821468196ab6561f968d,
        type: 3}
      propertyPath: m_LocalRotation.y
      value: 1
      objectReference: {fileID: 0}
    - target: {fileID: 717694558133471593, guid: 719c8b927ff0821468196ab6561f968d,
        type: 3}
      propertyPath: m_LocalRotation.z
      value: -0
      objectReference: {fileID: 0}
    - target: {fileID: 717694558133471593, guid: 719c8b927ff0821468196ab6561f968d,
        type: 3}
      propertyPath: m_LocalEulerAnglesHint.x
      value: 0
      objectReference: {fileID: 0}
    - target: {fileID: 717694558133471593, guid: 719c8b927ff0821468196ab6561f968d,
        type: 3}
      propertyPath: m_LocalEulerAnglesHint.y
      value: 0
      objectReference: {fileID: 0}
    - target: {fileID: 717694558133471593, guid: 719c8b927ff0821468196ab6561f968d,
        type: 3}
      propertyPath: m_LocalEulerAnglesHint.z
      value: 0
      objectReference: {fileID: 0}
    m_RemovedComponents: []
  m_SourcePrefab: {fileID: 100100000, guid: 719c8b927ff0821468196ab6561f968d, type: 3}
--- !u!4 &5201209225659761518 stripped
Transform:
  m_CorrespondingSourceObject: {fileID: 717694558133471593, guid: 719c8b927ff0821468196ab6561f968d,
    type: 3}
  m_PrefabInstance: {fileID: 4745575053170149895}
  m_PrefabAsset: {fileID: 0}
--- !u!1001 &4745575053257265643
PrefabInstance:
  m_ObjectHideFlags: 0
  serializedVersion: 2
  m_Modification:
    m_TransformParent: {fileID: 5201209225659761518}
    m_Modifications:
    - target: {fileID: 4408135630635806294, guid: 0d3c175365d8f4547ae8d7cfb5cf4a66,
        type: 3}
      propertyPath: m_Name
      value: SM_Env_Wall_End_Coner_Inner_54 (1)
      objectReference: {fileID: 0}
    - target: {fileID: 4408135630636043114, guid: 0d3c175365d8f4547ae8d7cfb5cf4a66,
        type: 3}
      propertyPath: m_RootOrder
      value: 3
      objectReference: {fileID: 0}
    - target: {fileID: 4408135630636043114, guid: 0d3c175365d8f4547ae8d7cfb5cf4a66,
        type: 3}
      propertyPath: m_LocalScale.x
      value: 2
      objectReference: {fileID: 0}
    - target: {fileID: 4408135630636043114, guid: 0d3c175365d8f4547ae8d7cfb5cf4a66,
        type: 3}
      propertyPath: m_LocalPosition.x
      value: -0.8947866
      objectReference: {fileID: 0}
    - target: {fileID: 4408135630636043114, guid: 0d3c175365d8f4547ae8d7cfb5cf4a66,
        type: 3}
      propertyPath: m_LocalPosition.y
      value: 0.16571045
      objectReference: {fileID: 0}
    - target: {fileID: 4408135630636043114, guid: 0d3c175365d8f4547ae8d7cfb5cf4a66,
        type: 3}
      propertyPath: m_LocalPosition.z
      value: -1.5481331
      objectReference: {fileID: 0}
    - target: {fileID: 4408135630636043114, guid: 0d3c175365d8f4547ae8d7cfb5cf4a66,
        type: 3}
      propertyPath: m_LocalRotation.w
      value: -0.70710516
      objectReference: {fileID: 0}
    - target: {fileID: 4408135630636043114, guid: 0d3c175365d8f4547ae8d7cfb5cf4a66,
        type: 3}
      propertyPath: m_LocalRotation.x
      value: -0
      objectReference: {fileID: 0}
    - target: {fileID: 4408135630636043114, guid: 0d3c175365d8f4547ae8d7cfb5cf4a66,
        type: 3}
      propertyPath: m_LocalRotation.y
      value: -0.7071085
      objectReference: {fileID: 0}
    - target: {fileID: 4408135630636043114, guid: 0d3c175365d8f4547ae8d7cfb5cf4a66,
        type: 3}
      propertyPath: m_LocalRotation.z
      value: -0
      objectReference: {fileID: 0}
    - target: {fileID: 4408135630636043114, guid: 0d3c175365d8f4547ae8d7cfb5cf4a66,
        type: 3}
      propertyPath: m_LocalEulerAnglesHint.x
      value: 0
      objectReference: {fileID: 0}
    - target: {fileID: 4408135630636043114, guid: 0d3c175365d8f4547ae8d7cfb5cf4a66,
        type: 3}
      propertyPath: m_LocalEulerAnglesHint.y
      value: -90
      objectReference: {fileID: 0}
    - target: {fileID: 4408135630636043114, guid: 0d3c175365d8f4547ae8d7cfb5cf4a66,
        type: 3}
      propertyPath: m_LocalEulerAnglesHint.z
      value: 0
      objectReference: {fileID: 0}
    m_RemovedComponents: []
  m_SourcePrefab: {fileID: 100100000, guid: 0d3c175365d8f4547ae8d7cfb5cf4a66, type: 3}
--- !u!1001 &4745575053348201460
PrefabInstance:
  m_ObjectHideFlags: 0
  serializedVersion: 2
  m_Modification:
    m_TransformParent: {fileID: 4745575052876750859}
    m_Modifications:
    - target: {fileID: 6064093144681788616, guid: 98aba175711fa5e4dba75b00ffd298a5,
        type: 3}
      propertyPath: m_RootOrder
      value: 2
      objectReference: {fileID: 0}
    - target: {fileID: 6064093144681788616, guid: 98aba175711fa5e4dba75b00ffd298a5,
        type: 3}
      propertyPath: m_LocalScale.z
      value: 0.5
      objectReference: {fileID: 0}
    - target: {fileID: 6064093144681788616, guid: 98aba175711fa5e4dba75b00ffd298a5,
        type: 3}
      propertyPath: m_LocalPosition.x
      value: -0.011219986
      objectReference: {fileID: 0}
    - target: {fileID: 6064093144681788616, guid: 98aba175711fa5e4dba75b00ffd298a5,
        type: 3}
      propertyPath: m_LocalPosition.y
      value: 0.5604579
      objectReference: {fileID: 0}
    - target: {fileID: 6064093144681788616, guid: 98aba175711fa5e4dba75b00ffd298a5,
        type: 3}
      propertyPath: m_LocalPosition.z
      value: 6.505661
      objectReference: {fileID: 0}
    - target: {fileID: 6064093144681788616, guid: 98aba175711fa5e4dba75b00ffd298a5,
        type: 3}
      propertyPath: m_LocalRotation.w
      value: 1
      objectReference: {fileID: 0}
    - target: {fileID: 6064093144681788616, guid: 98aba175711fa5e4dba75b00ffd298a5,
        type: 3}
      propertyPath: m_LocalRotation.x
      value: -0
      objectReference: {fileID: 0}
    - target: {fileID: 6064093144681788616, guid: 98aba175711fa5e4dba75b00ffd298a5,
        type: 3}
      propertyPath: m_LocalRotation.y
      value: -0
      objectReference: {fileID: 0}
    - target: {fileID: 6064093144681788616, guid: 98aba175711fa5e4dba75b00ffd298a5,
        type: 3}
      propertyPath: m_LocalRotation.z
      value: -0
      objectReference: {fileID: 0}
    - target: {fileID: 6064093144681788616, guid: 98aba175711fa5e4dba75b00ffd298a5,
        type: 3}
      propertyPath: m_LocalEulerAnglesHint.x
      value: 0
      objectReference: {fileID: 0}
    - target: {fileID: 6064093144681788616, guid: 98aba175711fa5e4dba75b00ffd298a5,
        type: 3}
      propertyPath: m_LocalEulerAnglesHint.y
      value: 0
      objectReference: {fileID: 0}
    - target: {fileID: 6064093144681788616, guid: 98aba175711fa5e4dba75b00ffd298a5,
        type: 3}
      propertyPath: m_LocalEulerAnglesHint.z
      value: 0
      objectReference: {fileID: 0}
    - target: {fileID: 6064093144681880326, guid: 98aba175711fa5e4dba75b00ffd298a5,
        type: 3}
      propertyPath: m_Name
      value: SM_Env_Door_Frame_Round_05 (1) Variant (1)
      objectReference: {fileID: 0}
    m_RemovedComponents: []
  m_SourcePrefab: {fileID: 100100000, guid: 98aba175711fa5e4dba75b00ffd298a5, type: 3}
--- !u!4 &1584237685976192828 stripped
Transform:
  m_CorrespondingSourceObject: {fileID: 6064093144681788616, guid: 98aba175711fa5e4dba75b00ffd298a5,
    type: 3}
  m_PrefabInstance: {fileID: 4745575053348201460}
  m_PrefabAsset: {fileID: 0}
--- !u!1001 &4745575053479335122
PrefabInstance:
  m_ObjectHideFlags: 0
  serializedVersion: 2
  m_Modification:
    m_TransformParent: {fileID: 5201209225659761518}
    m_Modifications:
    - target: {fileID: 8308282694877019800, guid: fd299c8d6838e4d459957103f0f06003,
        type: 3}
      propertyPath: m_RootOrder
      value: 0
      objectReference: {fileID: 0}
    - target: {fileID: 8308282694877019800, guid: fd299c8d6838e4d459957103f0f06003,
        type: 3}
      propertyPath: m_LocalScale.z
      value: 1
      objectReference: {fileID: 0}
    - target: {fileID: 8308282694877019800, guid: fd299c8d6838e4d459957103f0f06003,
        type: 3}
      propertyPath: m_LocalPosition.x
      value: 0.009928483
      objectReference: {fileID: 0}
    - target: {fileID: 8308282694877019800, guid: fd299c8d6838e4d459957103f0f06003,
        type: 3}
      propertyPath: m_LocalPosition.y
      value: 0.0012948513
      objectReference: {fileID: 0}
    - target: {fileID: 8308282694877019800, guid: fd299c8d6838e4d459957103f0f06003,
        type: 3}
      propertyPath: m_LocalPosition.z
      value: -0.25262457
      objectReference: {fileID: 0}
    - target: {fileID: 8308282694877019800, guid: fd299c8d6838e4d459957103f0f06003,
        type: 3}
      propertyPath: m_LocalRotation.w
      value: 1
      objectReference: {fileID: 0}
    - target: {fileID: 8308282694877019800, guid: fd299c8d6838e4d459957103f0f06003,
        type: 3}
      propertyPath: m_LocalRotation.x
      value: -0
      objectReference: {fileID: 0}
    - target: {fileID: 8308282694877019800, guid: fd299c8d6838e4d459957103f0f06003,
        type: 3}
      propertyPath: m_LocalRotation.y
      value: 0.000000014901161
      objectReference: {fileID: 0}
    - target: {fileID: 8308282694877019800, guid: fd299c8d6838e4d459957103f0f06003,
        type: 3}
      propertyPath: m_LocalRotation.z
      value: -0
      objectReference: {fileID: 0}
    - target: {fileID: 8308282694877019800, guid: fd299c8d6838e4d459957103f0f06003,
        type: 3}
      propertyPath: m_LocalEulerAnglesHint.x
      value: 0
      objectReference: {fileID: 0}
    - target: {fileID: 8308282694877019800, guid: fd299c8d6838e4d459957103f0f06003,
        type: 3}
      propertyPath: m_LocalEulerAnglesHint.y
      value: 0
      objectReference: {fileID: 0}
    - target: {fileID: 8308282694877019800, guid: fd299c8d6838e4d459957103f0f06003,
        type: 3}
      propertyPath: m_LocalEulerAnglesHint.z
      value: 0
      objectReference: {fileID: 0}
    - target: {fileID: 8308282694877108994, guid: fd299c8d6838e4d459957103f0f06003,
        type: 3}
      propertyPath: m_Name
      value: SM_Env_Wall_DoorFrame_Round_07 (1) Variant
      objectReference: {fileID: 0}
    m_RemovedComponents: []
  m_SourcePrefab: {fileID: 100100000, guid: fd299c8d6838e4d459957103f0f06003, type: 3}
--- !u!1001 &4745575053747243435
PrefabInstance:
  m_ObjectHideFlags: 0
  serializedVersion: 2
  m_Modification:
    m_TransformParent: {fileID: 7042730732878829650}
    m_Modifications:
    - target: {fileID: 5811620080193185999, guid: ae62f8d126f03a84cbbc6c9ae69c4aa4,
        type: 3}
      propertyPath: m_Name
      value: SM_Env_Door_Bars_06 (1) Variant
      objectReference: {fileID: 0}
    - target: {fileID: 5811620080193420331, guid: ae62f8d126f03a84cbbc6c9ae69c4aa4,
        type: 3}
      propertyPath: m_RootOrder
      value: 0
      objectReference: {fileID: 0}
    - target: {fileID: 5811620080193420331, guid: ae62f8d126f03a84cbbc6c9ae69c4aa4,
        type: 3}
      propertyPath: m_LocalPosition.x
      value: -0.6629257
      objectReference: {fileID: 0}
    - target: {fileID: 5811620080193420331, guid: ae62f8d126f03a84cbbc6c9ae69c4aa4,
        type: 3}
      propertyPath: m_LocalPosition.y
      value: 0
      objectReference: {fileID: 0}
    - target: {fileID: 5811620080193420331, guid: ae62f8d126f03a84cbbc6c9ae69c4aa4,
        type: 3}
      propertyPath: m_LocalPosition.z
      value: 0.02999878
      objectReference: {fileID: 0}
    - target: {fileID: 5811620080193420331, guid: ae62f8d126f03a84cbbc6c9ae69c4aa4,
        type: 3}
      propertyPath: m_LocalRotation.w
      value: 0.000002324581
      objectReference: {fileID: 0}
    - target: {fileID: 5811620080193420331, guid: ae62f8d126f03a84cbbc6c9ae69c4aa4,
        type: 3}
      propertyPath: m_LocalRotation.x
      value: -0
      objectReference: {fileID: 0}
    - target: {fileID: 5811620080193420331, guid: ae62f8d126f03a84cbbc6c9ae69c4aa4,
        type: 3}
      propertyPath: m_LocalRotation.y
      value: 1
      objectReference: {fileID: 0}
    - target: {fileID: 5811620080193420331, guid: ae62f8d126f03a84cbbc6c9ae69c4aa4,
        type: 3}
      propertyPath: m_LocalRotation.z
      value: -0
      objectReference: {fileID: 0}
    - target: {fileID: 5811620080193420331, guid: ae62f8d126f03a84cbbc6c9ae69c4aa4,
        type: 3}
      propertyPath: m_LocalEulerAnglesHint.x
      value: 0
      objectReference: {fileID: 0}
    - target: {fileID: 5811620080193420331, guid: ae62f8d126f03a84cbbc6c9ae69c4aa4,
        type: 3}
      propertyPath: m_LocalEulerAnglesHint.y
      value: 0
      objectReference: {fileID: 0}
    - target: {fileID: 5811620080193420331, guid: ae62f8d126f03a84cbbc6c9ae69c4aa4,
        type: 3}
      propertyPath: m_LocalEulerAnglesHint.z
      value: 0
      objectReference: {fileID: 0}
    m_RemovedComponents: []
  m_SourcePrefab: {fileID: 100100000, guid: ae62f8d126f03a84cbbc6c9ae69c4aa4, type: 3}
--- !u!1001 &4745575053751210188
PrefabInstance:
  m_ObjectHideFlags: 0
  serializedVersion: 2
  m_Modification:
    m_TransformParent: {fileID: 7224318471990002023}
    m_Modifications:
    - target: {fileID: 6916733745988099917, guid: 0bea4b40951fcc445ac2972b31761b94,
        type: 3}
      propertyPath: m_Name
      value: SM_Env_Railing_Angle_Broken_03 (1) Variant
      objectReference: {fileID: 0}
    - target: {fileID: 6916733745988250633, guid: 0bea4b40951fcc445ac2972b31761b94,
        type: 3}
      propertyPath: m_RootOrder
      value: 0
      objectReference: {fileID: 0}
    - target: {fileID: 6916733745988250633, guid: 0bea4b40951fcc445ac2972b31761b94,
        type: 3}
      propertyPath: m_LocalPosition.x
      value: 4.7774467
      objectReference: {fileID: 0}
    - target: {fileID: 6916733745988250633, guid: 0bea4b40951fcc445ac2972b31761b94,
        type: 3}
      propertyPath: m_LocalPosition.y
      value: 0.12744278
      objectReference: {fileID: 0}
    - target: {fileID: 6916733745988250633, guid: 0bea4b40951fcc445ac2972b31761b94,
        type: 3}
      propertyPath: m_LocalPosition.z
      value: 0.012084961
      objectReference: {fileID: 0}
    - target: {fileID: 6916733745988250633, guid: 0bea4b40951fcc445ac2972b31761b94,
        type: 3}
      propertyPath: m_LocalRotation.w
      value: 1
      objectReference: {fileID: 0}
    - target: {fileID: 6916733745988250633, guid: 0bea4b40951fcc445ac2972b31761b94,
        type: 3}
      propertyPath: m_LocalRotation.x
      value: -0
      objectReference: {fileID: 0}
    - target: {fileID: 6916733745988250633, guid: 0bea4b40951fcc445ac2972b31761b94,
        type: 3}
      propertyPath: m_LocalRotation.y
      value: -0
      objectReference: {fileID: 0}
    - target: {fileID: 6916733745988250633, guid: 0bea4b40951fcc445ac2972b31761b94,
        type: 3}
      propertyPath: m_LocalRotation.z
      value: -0
      objectReference: {fileID: 0}
    - target: {fileID: 6916733745988250633, guid: 0bea4b40951fcc445ac2972b31761b94,
        type: 3}
      propertyPath: m_LocalEulerAnglesHint.x
      value: 0
      objectReference: {fileID: 0}
    - target: {fileID: 6916733745988250633, guid: 0bea4b40951fcc445ac2972b31761b94,
        type: 3}
      propertyPath: m_LocalEulerAnglesHint.y
      value: 180
      objectReference: {fileID: 0}
    - target: {fileID: 6916733745988250633, guid: 0bea4b40951fcc445ac2972b31761b94,
        type: 3}
      propertyPath: m_LocalEulerAnglesHint.z
      value: 0
      objectReference: {fileID: 0}
    m_RemovedComponents: []
  m_SourcePrefab: {fileID: 100100000, guid: 0bea4b40951fcc445ac2972b31761b94, type: 3}
--- !u!1001 &4745575053908345523
PrefabInstance:
  m_ObjectHideFlags: 0
  serializedVersion: 2
  m_Modification:
    m_TransformParent: {fileID: 5201209225659761518}
    m_Modifications:
    - target: {fileID: 7691331675491403484, guid: f089566b575f57144a7b42f9632bed36,
        type: 3}
      propertyPath: m_RootOrder
      value: 5
      objectReference: {fileID: 0}
    - target: {fileID: 7691331675491403484, guid: f089566b575f57144a7b42f9632bed36,
        type: 3}
      propertyPath: m_LocalScale.x
      value: 1.550872
      objectReference: {fileID: 0}
    - target: {fileID: 7691331675491403484, guid: f089566b575f57144a7b42f9632bed36,
        type: 3}
      propertyPath: m_LocalScale.y
      value: -0.04066745
      objectReference: {fileID: 0}
    - target: {fileID: 7691331675491403484, guid: f089566b575f57144a7b42f9632bed36,
        type: 3}
      propertyPath: m_LocalScale.z
      value: 1.0009387
      objectReference: {fileID: 0}
    - target: {fileID: 7691331675491403484, guid: f089566b575f57144a7b42f9632bed36,
        type: 3}
      propertyPath: m_LocalPosition.x
      value: -3.9548125
      objectReference: {fileID: 0}
    - target: {fileID: 7691331675491403484, guid: f089566b575f57144a7b42f9632bed36,
        type: 3}
      propertyPath: m_LocalPosition.y
      value: 2.3436103
      objectReference: {fileID: 0}
    - target: {fileID: 7691331675491403484, guid: f089566b575f57144a7b42f9632bed36,
        type: 3}
      propertyPath: m_LocalPosition.z
      value: 1.0723176
      objectReference: {fileID: 0}
    - target: {fileID: 7691331675491403484, guid: f089566b575f57144a7b42f9632bed36,
        type: 3}
      propertyPath: m_LocalRotation.w
      value: 0.66155154
      objectReference: {fileID: 0}
    - target: {fileID: 7691331675491403484, guid: f089566b575f57144a7b42f9632bed36,
        type: 3}
      propertyPath: m_LocalRotation.x
      value: 0.19319284
      objectReference: {fileID: 0}
    - target: {fileID: 7691331675491403484, guid: f089566b575f57144a7b42f9632bed36,
        type: 3}
      propertyPath: m_LocalRotation.y
      value: 0.69593924
      objectReference: {fileID: 0}
    - target: {fileID: 7691331675491403484, guid: f089566b575f57144a7b42f9632bed36,
        type: 3}
      propertyPath: m_LocalRotation.z
      value: 0.20172933
      objectReference: {fileID: 0}
    - target: {fileID: 7691331675491403484, guid: f089566b575f57144a7b42f9632bed36,
        type: 3}
      propertyPath: m_LocalEulerAnglesHint.x
      value: 0
      objectReference: {fileID: 0}
    - target: {fileID: 7691331675491403484, guid: f089566b575f57144a7b42f9632bed36,
        type: 3}
      propertyPath: m_LocalEulerAnglesHint.y
      value: 0
      objectReference: {fileID: 0}
    - target: {fileID: 7691331675491403484, guid: f089566b575f57144a7b42f9632bed36,
        type: 3}
      propertyPath: m_LocalEulerAnglesHint.z
      value: 0
      objectReference: {fileID: 0}
    - target: {fileID: 7691331675491886076, guid: f089566b575f57144a7b42f9632bed36,
        type: 3}
      propertyPath: m_Name
      value: FX_Fire_02 (1) Variant
      objectReference: {fileID: 0}
    m_RemovedComponents: []
  m_SourcePrefab: {fileID: 100100000, guid: f089566b575f57144a7b42f9632bed36, type: 3}
--- !u!1001 &4745575053949092661
PrefabInstance:
  m_ObjectHideFlags: 0
  serializedVersion: 2
  m_Modification:
    m_TransformParent: {fileID: 4745575054204713848}
    m_Modifications:
    - target: {fileID: 5773884944282119688, guid: 485a9154b187246419da9f5a7f842776,
        type: 3}
      propertyPath: m_Name
      value: SM_Env_Tiles_164 (1) Variant
      objectReference: {fileID: 0}
    - target: {fileID: 5773884944282475818, guid: 485a9154b187246419da9f5a7f842776,
        type: 3}
      propertyPath: m_RootOrder
      value: 0
      objectReference: {fileID: 0}
    - target: {fileID: 5773884944282475818, guid: 485a9154b187246419da9f5a7f842776,
        type: 3}
      propertyPath: m_LocalPosition.x
      value: 3.487053
      objectReference: {fileID: 0}
    - target: {fileID: 5773884944282475818, guid: 485a9154b187246419da9f5a7f842776,
        type: 3}
      propertyPath: m_LocalPosition.y
      value: -4.363371
      objectReference: {fileID: 0}
    - target: {fileID: 5773884944282475818, guid: 485a9154b187246419da9f5a7f842776,
        type: 3}
      propertyPath: m_LocalPosition.z
      value: -2.7946854
      objectReference: {fileID: 0}
    - target: {fileID: 5773884944282475818, guid: 485a9154b187246419da9f5a7f842776,
        type: 3}
      propertyPath: m_LocalRotation.w
      value: 1
      objectReference: {fileID: 0}
    - target: {fileID: 5773884944282475818, guid: 485a9154b187246419da9f5a7f842776,
        type: 3}
      propertyPath: m_LocalRotation.x
      value: -0
      objectReference: {fileID: 0}
    - target: {fileID: 5773884944282475818, guid: 485a9154b187246419da9f5a7f842776,
        type: 3}
      propertyPath: m_LocalRotation.y
      value: -0
      objectReference: {fileID: 0}
    - target: {fileID: 5773884944282475818, guid: 485a9154b187246419da9f5a7f842776,
        type: 3}
      propertyPath: m_LocalRotation.z
      value: -0
      objectReference: {fileID: 0}
    - target: {fileID: 5773884944282475818, guid: 485a9154b187246419da9f5a7f842776,
        type: 3}
      propertyPath: m_LocalEulerAnglesHint.x
      value: 0
      objectReference: {fileID: 0}
    - target: {fileID: 5773884944282475818, guid: 485a9154b187246419da9f5a7f842776,
        type: 3}
      propertyPath: m_LocalEulerAnglesHint.y
      value: 0
      objectReference: {fileID: 0}
    - target: {fileID: 5773884944282475818, guid: 485a9154b187246419da9f5a7f842776,
        type: 3}
      propertyPath: m_LocalEulerAnglesHint.z
      value: 0
      objectReference: {fileID: 0}
    m_RemovedComponents: []
  m_SourcePrefab: {fileID: 100100000, guid: 485a9154b187246419da9f5a7f842776, type: 3}
--- !u!4 &1295733348961459743 stripped
Transform:
  m_CorrespondingSourceObject: {fileID: 5773884944282475818, guid: 485a9154b187246419da9f5a7f842776,
    type: 3}
  m_PrefabInstance: {fileID: 4745575053949092661}
  m_PrefabAsset: {fileID: 0}
--- !u!1001 &4745575054204600845
PrefabInstance:
  m_ObjectHideFlags: 0
  serializedVersion: 2
  m_Modification:
    m_TransformParent: {fileID: 5201209225659761518}
    m_Modifications:
    - target: {fileID: 3930889905381726292, guid: 4e6c6114b1776b1468b439eeb98b15d0,
        type: 3}
      propertyPath: m_Name
      value: SM_Env_Wall_End_Coner_Inner_50 (1) Variant
      objectReference: {fileID: 0}
    - target: {fileID: 3930889905381948776, guid: 4e6c6114b1776b1468b439eeb98b15d0,
        type: 3}
      propertyPath: m_RootOrder
      value: 2
      objectReference: {fileID: 0}
    - target: {fileID: 3930889905381948776, guid: 4e6c6114b1776b1468b439eeb98b15d0,
        type: 3}
      propertyPath: m_LocalScale.z
      value: 2
      objectReference: {fileID: 0}
    - target: {fileID: 3930889905381948776, guid: 4e6c6114b1776b1468b439eeb98b15d0,
        type: 3}
      propertyPath: m_LocalPosition.x
      value: -4.3026085
      objectReference: {fileID: 0}
    - target: {fileID: 3930889905381948776, guid: 4e6c6114b1776b1468b439eeb98b15d0,
        type: 3}
      propertyPath: m_LocalPosition.y
      value: 0.13052306
      objectReference: {fileID: 0}
    - target: {fileID: 3930889905381948776, guid: 4e6c6114b1776b1468b439eeb98b15d0,
        type: 3}
      propertyPath: m_LocalPosition.z
      value: -1.5537853
      objectReference: {fileID: 0}
    - target: {fileID: 3930889905381948776, guid: 4e6c6114b1776b1468b439eeb98b15d0,
        type: 3}
      propertyPath: m_LocalRotation.w
      value: 1
      objectReference: {fileID: 0}
    - target: {fileID: 3930889905381948776, guid: 4e6c6114b1776b1468b439eeb98b15d0,
        type: 3}
      propertyPath: m_LocalRotation.x
      value: -0
      objectReference: {fileID: 0}
    - target: {fileID: 3930889905381948776, guid: 4e6c6114b1776b1468b439eeb98b15d0,
        type: 3}
      propertyPath: m_LocalRotation.y
      value: 0.000002324581
      objectReference: {fileID: 0}
    - target: {fileID: 3930889905381948776, guid: 4e6c6114b1776b1468b439eeb98b15d0,
        type: 3}
      propertyPath: m_LocalRotation.z
      value: 0
      objectReference: {fileID: 0}
    - target: {fileID: 3930889905381948776, guid: 4e6c6114b1776b1468b439eeb98b15d0,
        type: 3}
      propertyPath: m_LocalEulerAnglesHint.x
      value: 0
      objectReference: {fileID: 0}
    - target: {fileID: 3930889905381948776, guid: 4e6c6114b1776b1468b439eeb98b15d0,
        type: 3}
      propertyPath: m_LocalEulerAnglesHint.y
      value: 180
      objectReference: {fileID: 0}
    - target: {fileID: 3930889905381948776, guid: 4e6c6114b1776b1468b439eeb98b15d0,
        type: 3}
      propertyPath: m_LocalEulerAnglesHint.z
      value: 0
      objectReference: {fileID: 0}
    m_RemovedComponents: []
  m_SourcePrefab: {fileID: 100100000, guid: 4e6c6114b1776b1468b439eeb98b15d0, type: 3}
--- !u!1001 &4745575054236182414
PrefabInstance:
  m_ObjectHideFlags: 0
  serializedVersion: 2
  m_Modification:
    m_TransformParent: {fileID: 4745575052876750859}
    m_Modifications:
    - target: {fileID: 2709552899753649897, guid: 694569fb262b8d9498d84f957f344d34,
        type: 3}
      propertyPath: m_RootOrder
      value: 0
      objectReference: {fileID: 0}
    - target: {fileID: 2709552899753649897, guid: 694569fb262b8d9498d84f957f344d34,
        type: 3}
      propertyPath: m_LocalPosition.x
      value: 2.4387808
      objectReference: {fileID: 0}
    - target: {fileID: 2709552899753649897, guid: 694569fb262b8d9498d84f957f344d34,
        type: 3}
      propertyPath: m_LocalPosition.y
      value: 0.5966151
      objectReference: {fileID: 0}
    - target: {fileID: 2709552899753649897, guid: 694569fb262b8d9498d84f957f344d34,
        type: 3}
      propertyPath: m_LocalPosition.z
      value: 6.25
      objectReference: {fileID: 0}
    - target: {fileID: 2709552899753649897, guid: 694569fb262b8d9498d84f957f344d34,
        type: 3}
      propertyPath: m_LocalRotation.w
      value: 0
      objectReference: {fileID: 0}
    - target: {fileID: 2709552899753649897, guid: 694569fb262b8d9498d84f957f344d34,
        type: 3}
      propertyPath: m_LocalRotation.x
      value: -0
      objectReference: {fileID: 0}
    - target: {fileID: 2709552899753649897, guid: 694569fb262b8d9498d84f957f344d34,
        type: 3}
      propertyPath: m_LocalRotation.y
      value: 1
      objectReference: {fileID: 0}
    - target: {fileID: 2709552899753649897, guid: 694569fb262b8d9498d84f957f344d34,
        type: 3}
      propertyPath: m_LocalRotation.z
      value: -0
      objectReference: {fileID: 0}
    - target: {fileID: 2709552899753649897, guid: 694569fb262b8d9498d84f957f344d34,
        type: 3}
      propertyPath: m_LocalEulerAnglesHint.x
      value: 0
      objectReference: {fileID: 0}
    - target: {fileID: 2709552899753649897, guid: 694569fb262b8d9498d84f957f344d34,
        type: 3}
      propertyPath: m_LocalEulerAnglesHint.y
      value: 180
      objectReference: {fileID: 0}
    - target: {fileID: 2709552899753649897, guid: 694569fb262b8d9498d84f957f344d34,
        type: 3}
      propertyPath: m_LocalEulerAnglesHint.z
      value: 0
      objectReference: {fileID: 0}
    - target: {fileID: 2709552899753994757, guid: 694569fb262b8d9498d84f957f344d34,
        type: 3}
      propertyPath: m_Name
      value: SM_Env_Stairs_Broken_02 (1) Variant
      objectReference: {fileID: 0}
    m_RemovedComponents: []
  m_SourcePrefab: {fileID: 100100000, guid: 694569fb262b8d9498d84f957f344d34, type: 3}
--- !u!4 &7224318471990002023 stripped
Transform:
  m_CorrespondingSourceObject: {fileID: 2709552899753649897, guid: 694569fb262b8d9498d84f957f344d34,
    type: 3}
  m_PrefabInstance: {fileID: 4745575054236182414}
  m_PrefabAsset: {fileID: 0}
--- !u!1001 &4745575054314848478
PrefabInstance:
  m_ObjectHideFlags: 0
  serializedVersion: 2
  m_Modification:
    m_TransformParent: {fileID: 4745575054204713848}
    m_Modifications:
    - target: {fileID: 3632077732992440608, guid: 3bb896c0cc92d3248978fce246614ff9,
        type: 3}
      propertyPath: m_Name
      value: Point light 12 (2)
      objectReference: {fileID: 0}
    - target: {fileID: 8032800926056799510, guid: 3bb896c0cc92d3248978fce246614ff9,
        type: 3}
      propertyPath: m_RootOrder
      value: 3
      objectReference: {fileID: 0}
    - target: {fileID: 8032800926056799510, guid: 3bb896c0cc92d3248978fce246614ff9,
        type: 3}
      propertyPath: m_LocalPosition.x
      value: -1.1731186
      objectReference: {fileID: 0}
    - target: {fileID: 8032800926056799510, guid: 3bb896c0cc92d3248978fce246614ff9,
        type: 3}
      propertyPath: m_LocalPosition.y
      value: -1.2937605
      objectReference: {fileID: 0}
    - target: {fileID: 8032800926056799510, guid: 3bb896c0cc92d3248978fce246614ff9,
        type: 3}
      propertyPath: m_LocalPosition.z
      value: 0.08168793
      objectReference: {fileID: 0}
    - target: {fileID: 8032800926056799510, guid: 3bb896c0cc92d3248978fce246614ff9,
        type: 3}
      propertyPath: m_LocalRotation.w
      value: -0.02431425
      objectReference: {fileID: 0}
    - target: {fileID: 8032800926056799510, guid: 3bb896c0cc92d3248978fce246614ff9,
        type: 3}
      propertyPath: m_LocalRotation.x
      value: 0.27925217
      objectReference: {fileID: 0}
    - target: {fileID: 8032800926056799510, guid: 3bb896c0cc92d3248978fce246614ff9,
        type: 3}
      propertyPath: m_LocalRotation.y
      value: 0.95989096
      objectReference: {fileID: 0}
    - target: {fileID: 8032800926056799510, guid: 3bb896c0cc92d3248978fce246614ff9,
        type: 3}
      propertyPath: m_LocalRotation.z
      value: 0.0060366318
      objectReference: {fileID: 0}
    - target: {fileID: 8032800926056799510, guid: 3bb896c0cc92d3248978fce246614ff9,
        type: 3}
      propertyPath: m_LocalEulerAnglesHint.x
      value: 0
      objectReference: {fileID: 0}
    - target: {fileID: 8032800926056799510, guid: 3bb896c0cc92d3248978fce246614ff9,
        type: 3}
      propertyPath: m_LocalEulerAnglesHint.y
      value: 0
      objectReference: {fileID: 0}
    - target: {fileID: 8032800926056799510, guid: 3bb896c0cc92d3248978fce246614ff9,
        type: 3}
      propertyPath: m_LocalEulerAnglesHint.z
      value: 0
      objectReference: {fileID: 0}
    m_RemovedComponents: []
  m_SourcePrefab: {fileID: 100100000, guid: 3bb896c0cc92d3248978fce246614ff9, type: 3}
--- !u!4 &3360132546534776264 stripped
Transform:
  m_CorrespondingSourceObject: {fileID: 8032800926056799510, guid: 3bb896c0cc92d3248978fce246614ff9,
    type: 3}
  m_PrefabInstance: {fileID: 4745575054314848478}
  m_PrefabAsset: {fileID: 0}
--- !u!1001 &4745575054446386580
PrefabInstance:
  m_ObjectHideFlags: 0
  serializedVersion: 2
  m_Modification:
    m_TransformParent: {fileID: 4745575054204713848}
    m_Modifications:
    - target: {fileID: 1500645503264862603, guid: 0a2f328a195a4b34ca0c43f875f003be,
        type: 3}
      propertyPath: m_Name
      value: SM_Env_Wall_184 (1) Variant
      objectReference: {fileID: 0}
    - target: {fileID: 1500645503265118581, guid: 0a2f328a195a4b34ca0c43f875f003be,
        type: 3}
      propertyPath: m_RootOrder
      value: 2
      objectReference: {fileID: 0}
    - target: {fileID: 1500645503265118581, guid: 0a2f328a195a4b34ca0c43f875f003be,
        type: 3}
      propertyPath: m_LocalPosition.x
      value: -1.4212303
      objectReference: {fileID: 0}
    - target: {fileID: 1500645503265118581, guid: 0a2f328a195a4b34ca0c43f875f003be,
        type: 3}
      propertyPath: m_LocalPosition.y
      value: -4.3227606
      objectReference: {fileID: 0}
    - target: {fileID: 1500645503265118581, guid: 0a2f328a195a4b34ca0c43f875f003be,
        type: 3}
      propertyPath: m_LocalPosition.z
      value: -2.2243805
      objectReference: {fileID: 0}
    - target: {fileID: 1500645503265118581, guid: 0a2f328a195a4b34ca0c43f875f003be,
        type: 3}
      propertyPath: m_LocalRotation.w
      value: -0.70710444
      objectReference: {fileID: 0}
    - target: {fileID: 1500645503265118581, guid: 0a2f328a195a4b34ca0c43f875f003be,
        type: 3}
      propertyPath: m_LocalRotation.x
      value: -0
      objectReference: {fileID: 0}
    - target: {fileID: 1500645503265118581, guid: 0a2f328a195a4b34ca0c43f875f003be,
        type: 3}
      propertyPath: m_LocalRotation.y
      value: -0.70710915
      objectReference: {fileID: 0}
    - target: {fileID: 1500645503265118581, guid: 0a2f328a195a4b34ca0c43f875f003be,
        type: 3}
      propertyPath: m_LocalRotation.z
      value: -0
      objectReference: {fileID: 0}
    - target: {fileID: 1500645503265118581, guid: 0a2f328a195a4b34ca0c43f875f003be,
        type: 3}
      propertyPath: m_LocalEulerAnglesHint.x
      value: 0
      objectReference: {fileID: 0}
    - target: {fileID: 1500645503265118581, guid: 0a2f328a195a4b34ca0c43f875f003be,
        type: 3}
      propertyPath: m_LocalEulerAnglesHint.y
      value: 0
      objectReference: {fileID: 0}
    - target: {fileID: 1500645503265118581, guid: 0a2f328a195a4b34ca0c43f875f003be,
        type: 3}
      propertyPath: m_LocalEulerAnglesHint.z
      value: 0
      objectReference: {fileID: 0}
    m_RemovedComponents: []
  m_SourcePrefab: {fileID: 100100000, guid: 0a2f328a195a4b34ca0c43f875f003be, type: 3}
--- !u!4 &6127418305555514593 stripped
Transform:
  m_CorrespondingSourceObject: {fileID: 1500645503265118581, guid: 0a2f328a195a4b34ca0c43f875f003be,
    type: 3}
  m_PrefabInstance: {fileID: 4745575054446386580}
  m_PrefabAsset: {fileID: 0}
--- !u!1001 &4745575054672397202
PrefabInstance:
  m_ObjectHideFlags: 0
  serializedVersion: 2
  m_Modification:
    m_TransformParent: {fileID: 7224318471990002023}
    m_Modifications:
    - target: {fileID: 466632317155398147, guid: 557e23ce18e2b3744bc3109e0a3c0e6a,
        type: 3}
      propertyPath: m_Name
      value: SM_Env_Railing_Angle_Broken_02 (1) Variant
      objectReference: {fileID: 0}
    - target: {fileID: 466632317155549511, guid: 557e23ce18e2b3744bc3109e0a3c0e6a,
        type: 3}
      propertyPath: m_RootOrder
      value: 1
      objectReference: {fileID: 0}
    - target: {fileID: 466632317155549511, guid: 557e23ce18e2b3744bc3109e0a3c0e6a,
        type: 3}
      propertyPath: m_LocalPosition.x
      value: 0.17743683
      objectReference: {fileID: 0}
    - target: {fileID: 466632317155549511, guid: 557e23ce18e2b3744bc3109e0a3c0e6a,
        type: 3}
      propertyPath: m_LocalPosition.y
      value: 0.12750697
      objectReference: {fileID: 0}
    - target: {fileID: 466632317155549511, guid: 557e23ce18e2b3744bc3109e0a3c0e6a,
        type: 3}
      propertyPath: m_LocalPosition.z
      value: 0.012073517
      objectReference: {fileID: 0}
    - target: {fileID: 466632317155549511, guid: 557e23ce18e2b3744bc3109e0a3c0e6a,
        type: 3}
      propertyPath: m_LocalRotation.w
      value: 1
      objectReference: {fileID: 0}
    - target: {fileID: 466632317155549511, guid: 557e23ce18e2b3744bc3109e0a3c0e6a,
        type: 3}
      propertyPath: m_LocalRotation.x
      value: -0
      objectReference: {fileID: 0}
    - target: {fileID: 466632317155549511, guid: 557e23ce18e2b3744bc3109e0a3c0e6a,
        type: 3}
      propertyPath: m_LocalRotation.y
      value: -0
      objectReference: {fileID: 0}
    - target: {fileID: 466632317155549511, guid: 557e23ce18e2b3744bc3109e0a3c0e6a,
        type: 3}
      propertyPath: m_LocalRotation.z
      value: -0
      objectReference: {fileID: 0}
    - target: {fileID: 466632317155549511, guid: 557e23ce18e2b3744bc3109e0a3c0e6a,
        type: 3}
      propertyPath: m_LocalEulerAnglesHint.x
      value: 0
      objectReference: {fileID: 0}
    - target: {fileID: 466632317155549511, guid: 557e23ce18e2b3744bc3109e0a3c0e6a,
        type: 3}
      propertyPath: m_LocalEulerAnglesHint.y
      value: 180
      objectReference: {fileID: 0}
    - target: {fileID: 466632317155549511, guid: 557e23ce18e2b3744bc3109e0a3c0e6a,
        type: 3}
      propertyPath: m_LocalEulerAnglesHint.z
      value: 0
      objectReference: {fileID: 0}
    m_RemovedComponents: []
  m_SourcePrefab: {fileID: 100100000, guid: 557e23ce18e2b3744bc3109e0a3c0e6a, type: 3}
--- !u!1001 &4745575054710851047
PrefabInstance:
  m_ObjectHideFlags: 0
  serializedVersion: 2
  m_Modification:
    m_TransformParent: {fileID: 4745575054204713848}
    m_Modifications:
    - target: {fileID: 6912368576623701924, guid: 1ae9d47fab357b9478956ff6d7e9d03c,
        type: 3}
      propertyPath: m_Name
      value: SM_Env_Tiles_175 (1) Variant
      objectReference: {fileID: 0}
    - target: {fileID: 6912368576623926406, guid: 1ae9d47fab357b9478956ff6d7e9d03c,
        type: 3}
      propertyPath: m_RootOrder
      value: 1
      objectReference: {fileID: 0}
    - target: {fileID: 6912368576623926406, guid: 1ae9d47fab357b9478956ff6d7e9d03c,
        type: 3}
      propertyPath: m_LocalPosition.x
      value: 3.487053
      objectReference: {fileID: 0}
    - target: {fileID: 6912368576623926406, guid: 1ae9d47fab357b9478956ff6d7e9d03c,
        type: 3}
      propertyPath: m_LocalPosition.y
      value: -4.363371
      objectReference: {fileID: 0}
    - target: {fileID: 6912368576623926406, guid: 1ae9d47fab357b9478956ff6d7e9d03c,
        type: 3}
      propertyPath: m_LocalPosition.z
      value: 2.2053146
      objectReference: {fileID: 0}
    - target: {fileID: 6912368576623926406, guid: 1ae9d47fab357b9478956ff6d7e9d03c,
        type: 3}
      propertyPath: m_LocalRotation.w
      value: 1
      objectReference: {fileID: 0}
    - target: {fileID: 6912368576623926406, guid: 1ae9d47fab357b9478956ff6d7e9d03c,
        type: 3}
      propertyPath: m_LocalRotation.x
      value: -0
      objectReference: {fileID: 0}
    - target: {fileID: 6912368576623926406, guid: 1ae9d47fab357b9478956ff6d7e9d03c,
        type: 3}
      propertyPath: m_LocalRotation.y
      value: -0
      objectReference: {fileID: 0}
    - target: {fileID: 6912368576623926406, guid: 1ae9d47fab357b9478956ff6d7e9d03c,
        type: 3}
      propertyPath: m_LocalRotation.z
      value: -0
      objectReference: {fileID: 0}
    - target: {fileID: 6912368576623926406, guid: 1ae9d47fab357b9478956ff6d7e9d03c,
        type: 3}
      propertyPath: m_LocalEulerAnglesHint.x
      value: 0
      objectReference: {fileID: 0}
    - target: {fileID: 6912368576623926406, guid: 1ae9d47fab357b9478956ff6d7e9d03c,
        type: 3}
      propertyPath: m_LocalEulerAnglesHint.y
      value: 0
      objectReference: {fileID: 0}
    - target: {fileID: 6912368576623926406, guid: 1ae9d47fab357b9478956ff6d7e9d03c,
        type: 3}
      propertyPath: m_LocalEulerAnglesHint.z
      value: 0
      objectReference: {fileID: 0}
    m_RemovedComponents: []
  m_SourcePrefab: {fileID: 100100000, guid: 1ae9d47fab357b9478956ff6d7e9d03c, type: 3}
--- !u!4 &2176929422492506465 stripped
Transform:
  m_CorrespondingSourceObject: {fileID: 6912368576623926406, guid: 1ae9d47fab357b9478956ff6d7e9d03c,
    type: 3}
  m_PrefabInstance: {fileID: 4745575054710851047}
  m_PrefabAsset: {fileID: 0}
--- !u!1001 &5554269396220021445
PrefabInstance:
  m_ObjectHideFlags: 0
  serializedVersion: 2
  m_Modification:
    m_TransformParent: {fileID: 5201209225659761518}
    m_Modifications:
    - target: {fileID: 7691331675491403484, guid: f089566b575f57144a7b42f9632bed36,
        type: 3}
      propertyPath: m_RootOrder
      value: 9
      objectReference: {fileID: 0}
    - target: {fileID: 7691331675491403484, guid: f089566b575f57144a7b42f9632bed36,
        type: 3}
      propertyPath: m_LocalScale.x
      value: 1.550872
      objectReference: {fileID: 0}
    - target: {fileID: 7691331675491403484, guid: f089566b575f57144a7b42f9632bed36,
        type: 3}
      propertyPath: m_LocalScale.y
      value: -0.04066745
      objectReference: {fileID: 0}
    - target: {fileID: 7691331675491403484, guid: f089566b575f57144a7b42f9632bed36,
        type: 3}
      propertyPath: m_LocalScale.z
      value: 1.0009387
      objectReference: {fileID: 0}
    - target: {fileID: 7691331675491403484, guid: f089566b575f57144a7b42f9632bed36,
        type: 3}
      propertyPath: m_LocalPosition.x
      value: -0.7962
      objectReference: {fileID: 0}
    - target: {fileID: 7691331675491403484, guid: f089566b575f57144a7b42f9632bed36,
        type: 3}
      propertyPath: m_LocalPosition.y
      value: 3.357
      objectReference: {fileID: 0}
    - target: {fileID: 7691331675491403484, guid: f089566b575f57144a7b42f9632bed36,
        type: 3}
      propertyPath: m_LocalPosition.z
      value: -8.91
      objectReference: {fileID: 0}
    - target: {fileID: 7691331675491403484, guid: f089566b575f57144a7b42f9632bed36,
        type: 3}
      propertyPath: m_LocalRotation.w
      value: 0.66155154
      objectReference: {fileID: 0}
    - target: {fileID: 7691331675491403484, guid: f089566b575f57144a7b42f9632bed36,
        type: 3}
      propertyPath: m_LocalRotation.x
      value: 0.19319284
      objectReference: {fileID: 0}
    - target: {fileID: 7691331675491403484, guid: f089566b575f57144a7b42f9632bed36,
        type: 3}
      propertyPath: m_LocalRotation.y
      value: 0.69593924
      objectReference: {fileID: 0}
    - target: {fileID: 7691331675491403484, guid: f089566b575f57144a7b42f9632bed36,
        type: 3}
      propertyPath: m_LocalRotation.z
      value: 0.20172933
      objectReference: {fileID: 0}
    - target: {fileID: 7691331675491403484, guid: f089566b575f57144a7b42f9632bed36,
        type: 3}
      propertyPath: m_LocalEulerAnglesHint.x
      value: 0
      objectReference: {fileID: 0}
    - target: {fileID: 7691331675491403484, guid: f089566b575f57144a7b42f9632bed36,
        type: 3}
      propertyPath: m_LocalEulerAnglesHint.y
      value: 0
      objectReference: {fileID: 0}
    - target: {fileID: 7691331675491403484, guid: f089566b575f57144a7b42f9632bed36,
        type: 3}
      propertyPath: m_LocalEulerAnglesHint.z
      value: 0
      objectReference: {fileID: 0}
    - target: {fileID: 7691331675491886076, guid: f089566b575f57144a7b42f9632bed36,
        type: 3}
      propertyPath: m_Name
      value: FX_Fire_02 (1) Variant (2)
      objectReference: {fileID: 0}
    m_RemovedComponents: []
  m_SourcePrefab: {fileID: 100100000, guid: f089566b575f57144a7b42f9632bed36, type: 3}
--- !u!1001 &6600031670445621625
PrefabInstance:
  m_ObjectHideFlags: 0
  serializedVersion: 2
  m_Modification:
    m_TransformParent: {fileID: 4745575054204713848}
    m_Modifications:
    - target: {fileID: 1500645503264862603, guid: 0a2f328a195a4b34ca0c43f875f003be,
        type: 3}
      propertyPath: m_Name
      value: SM_Env_Wall_184 (1) Variant (1)
      objectReference: {fileID: 0}
    - target: {fileID: 1500645503265118581, guid: 0a2f328a195a4b34ca0c43f875f003be,
        type: 3}
      propertyPath: m_RootOrder
      value: 4
      objectReference: {fileID: 0}
    - target: {fileID: 1500645503265118581, guid: 0a2f328a195a4b34ca0c43f875f003be,
        type: 3}
      propertyPath: m_LocalPosition.x
      value: -1.4212303
      objectReference: {fileID: 0}
    - target: {fileID: 1500645503265118581, guid: 0a2f328a195a4b34ca0c43f875f003be,
        type: 3}
      propertyPath: m_LocalPosition.y
      value: -4.3227606
      objectReference: {fileID: 0}
    - target: {fileID: 1500645503265118581, guid: 0a2f328a195a4b34ca0c43f875f003be,
        type: 3}
      propertyPath: m_LocalPosition.z
      value: -2.17
      objectReference: {fileID: 0}
    - target: {fileID: 1500645503265118581, guid: 0a2f328a195a4b34ca0c43f875f003be,
        type: 3}
      propertyPath: m_LocalRotation.w
      value: -0.70710444
      objectReference: {fileID: 0}
    - target: {fileID: 1500645503265118581, guid: 0a2f328a195a4b34ca0c43f875f003be,
        type: 3}
      propertyPath: m_LocalRotation.x
      value: -0
      objectReference: {fileID: 0}
    - target: {fileID: 1500645503265118581, guid: 0a2f328a195a4b34ca0c43f875f003be,
        type: 3}
      propertyPath: m_LocalRotation.y
      value: -0.70710915
      objectReference: {fileID: 0}
    - target: {fileID: 1500645503265118581, guid: 0a2f328a195a4b34ca0c43f875f003be,
        type: 3}
      propertyPath: m_LocalRotation.z
      value: -0
      objectReference: {fileID: 0}
    - target: {fileID: 1500645503265118581, guid: 0a2f328a195a4b34ca0c43f875f003be,
        type: 3}
      propertyPath: m_LocalEulerAnglesHint.x
      value: 0
      objectReference: {fileID: 0}
    - target: {fileID: 1500645503265118581, guid: 0a2f328a195a4b34ca0c43f875f003be,
        type: 3}
      propertyPath: m_LocalEulerAnglesHint.y
      value: 0
      objectReference: {fileID: 0}
    - target: {fileID: 1500645503265118581, guid: 0a2f328a195a4b34ca0c43f875f003be,
        type: 3}
      propertyPath: m_LocalEulerAnglesHint.z
      value: 0
      objectReference: {fileID: 0}
    m_RemovedComponents: []
  m_SourcePrefab: {fileID: 100100000, guid: 0a2f328a195a4b34ca0c43f875f003be, type: 3}
--- !u!4 &5713758372761360396 stripped
Transform:
  m_CorrespondingSourceObject: {fileID: 1500645503265118581, guid: 0a2f328a195a4b34ca0c43f875f003be,
    type: 3}
  m_PrefabInstance: {fileID: 6600031670445621625}
  m_PrefabAsset: {fileID: 0}
--- !u!1001 &6797644082970582901
PrefabInstance:
  m_ObjectHideFlags: 0
  serializedVersion: 2
  m_Modification:
    m_TransformParent: {fileID: 4745575054204713848}
    m_Modifications:
    - target: {fileID: 1500645503264862603, guid: 0a2f328a195a4b34ca0c43f875f003be,
        type: 3}
      propertyPath: m_Name
      value: SM_Env_Wall_184 (1) Variant (4)
      objectReference: {fileID: 0}
    - target: {fileID: 1500645503265118581, guid: 0a2f328a195a4b34ca0c43f875f003be,
        type: 3}
      propertyPath: m_RootOrder
      value: 6
      objectReference: {fileID: 0}
    - target: {fileID: 1500645503265118581, guid: 0a2f328a195a4b34ca0c43f875f003be,
        type: 3}
      propertyPath: m_LocalPosition.x
      value: 3.3566885
      objectReference: {fileID: 0}
    - target: {fileID: 1500645503265118581, guid: 0a2f328a195a4b34ca0c43f875f003be,
        type: 3}
      propertyPath: m_LocalPosition.y
      value: -4.401829
      objectReference: {fileID: 0}
    - target: {fileID: 1500645503265118581, guid: 0a2f328a195a4b34ca0c43f875f003be,
        type: 3}
      propertyPath: m_LocalPosition.z
      value: 6.27
      objectReference: {fileID: 0}
    - target: {fileID: 1500645503265118581, guid: 0a2f328a195a4b34ca0c43f875f003be,
        type: 3}
      propertyPath: m_LocalRotation.w
      value: 0.7071068
      objectReference: {fileID: 0}
    - target: {fileID: 1500645503265118581, guid: 0a2f328a195a4b34ca0c43f875f003be,
        type: 3}
      propertyPath: m_LocalRotation.x
      value: 0
      objectReference: {fileID: 0}
    - target: {fileID: 1500645503265118581, guid: 0a2f328a195a4b34ca0c43f875f003be,
        type: 3}
      propertyPath: m_LocalRotation.y
      value: -0.7071068
      objectReference: {fileID: 0}
    - target: {fileID: 1500645503265118581, guid: 0a2f328a195a4b34ca0c43f875f003be,
        type: 3}
      propertyPath: m_LocalRotation.z
      value: 0
      objectReference: {fileID: 0}
    - target: {fileID: 1500645503265118581, guid: 0a2f328a195a4b34ca0c43f875f003be,
        type: 3}
      propertyPath: m_LocalEulerAnglesHint.x
      value: 0
      objectReference: {fileID: 0}
    - target: {fileID: 1500645503265118581, guid: 0a2f328a195a4b34ca0c43f875f003be,
        type: 3}
      propertyPath: m_LocalEulerAnglesHint.y
      value: -90
      objectReference: {fileID: 0}
    - target: {fileID: 1500645503265118581, guid: 0a2f328a195a4b34ca0c43f875f003be,
        type: 3}
      propertyPath: m_LocalEulerAnglesHint.z
      value: 0
      objectReference: {fileID: 0}
    m_RemovedComponents: []
  m_SourcePrefab: {fileID: 100100000, guid: 0a2f328a195a4b34ca0c43f875f003be, type: 3}
--- !u!4 &5369777730430223872 stripped
Transform:
  m_CorrespondingSourceObject: {fileID: 1500645503265118581, guid: 0a2f328a195a4b34ca0c43f875f003be,
    type: 3}
  m_PrefabInstance: {fileID: 6797644082970582901}
  m_PrefabAsset: {fileID: 0}
--- !u!1001 &9038138272686442650
PrefabInstance:
  m_ObjectHideFlags: 0
  serializedVersion: 2
  m_Modification:
    m_TransformParent: {fileID: 4745575054204713848}
    m_Modifications:
    - target: {fileID: 1500645503264862603, guid: 0a2f328a195a4b34ca0c43f875f003be,
        type: 3}
      propertyPath: m_Name
      value: SM_Env_Wall_184 (1) Variant (3)
      objectReference: {fileID: 0}
    - target: {fileID: 1500645503265118581, guid: 0a2f328a195a4b34ca0c43f875f003be,
        type: 3}
      propertyPath: m_RootOrder
      value: 5
      objectReference: {fileID: 0}
    - target: {fileID: 1500645503265118581, guid: 0a2f328a195a4b34ca0c43f875f003be,
        type: 3}
      propertyPath: m_LocalPosition.x
      value: 3.3566885
      objectReference: {fileID: 0}
    - target: {fileID: 1500645503265118581, guid: 0a2f328a195a4b34ca0c43f875f003be,
        type: 3}
      propertyPath: m_LocalPosition.y
      value: -4.401829
      objectReference: {fileID: 0}
    - target: {fileID: 1500645503265118581, guid: 0a2f328a195a4b34ca0c43f875f003be,
        type: 3}
      propertyPath: m_LocalPosition.z
      value: 2.9665127
      objectReference: {fileID: 0}
    - target: {fileID: 1500645503265118581, guid: 0a2f328a195a4b34ca0c43f875f003be,
        type: 3}
      propertyPath: m_LocalRotation.w
      value: 0.7071068
      objectReference: {fileID: 0}
    - target: {fileID: 1500645503265118581, guid: 0a2f328a195a4b34ca0c43f875f003be,
        type: 3}
      propertyPath: m_LocalRotation.x
      value: 0
      objectReference: {fileID: 0}
    - target: {fileID: 1500645503265118581, guid: 0a2f328a195a4b34ca0c43f875f003be,
        type: 3}
      propertyPath: m_LocalRotation.y
      value: -0.7071068
      objectReference: {fileID: 0}
    - target: {fileID: 1500645503265118581, guid: 0a2f328a195a4b34ca0c43f875f003be,
        type: 3}
      propertyPath: m_LocalRotation.z
      value: 0
      objectReference: {fileID: 0}
    - target: {fileID: 1500645503265118581, guid: 0a2f328a195a4b34ca0c43f875f003be,
        type: 3}
      propertyPath: m_LocalEulerAnglesHint.x
      value: 0
      objectReference: {fileID: 0}
    - target: {fileID: 1500645503265118581, guid: 0a2f328a195a4b34ca0c43f875f003be,
        type: 3}
      propertyPath: m_LocalEulerAnglesHint.y
      value: -90
      objectReference: {fileID: 0}
    - target: {fileID: 1500645503265118581, guid: 0a2f328a195a4b34ca0c43f875f003be,
        type: 3}
      propertyPath: m_LocalEulerAnglesHint.z
      value: 0
      objectReference: {fileID: 0}
    m_RemovedComponents: []
  m_SourcePrefab: {fileID: 100100000, guid: 0a2f328a195a4b34ca0c43f875f003be, type: 3}
--- !u!4 &7619729917310210543 stripped
Transform:
  m_CorrespondingSourceObject: {fileID: 1500645503265118581, guid: 0a2f328a195a4b34ca0c43f875f003be,
    type: 3}
  m_PrefabInstance: {fileID: 9038138272686442650}
  m_PrefabAsset: {fileID: 0}
